<?xml version="1.0" encoding="UTF-8"?>
<collection>
   <record>
      <leader>00000npcaa2200000 u 4500</leader>
      <controlfield tag="001">4078817</controlfield>
      <controlfield tag="003">NNC</controlfield>
      <controlfield tag="008">210110i19001965xxu                 eng d</controlfield>
      <datafield ind1=" " ind2=" " tag="035">
         <subfield code="a">(NNC)CULASPC:voyager:4078817</subfield>
      </datafield>
      <datafield ind1=" " ind2=" " tag="035">
         <subfield code="a">(OCoLC)470399281</subfield>
      </datafield>
      <datafield ind1=" " ind2=" " tag="035">
         <subfield code="a">(OCoLC)ocn470399281</subfield>
      </datafield>
      <datafield ind1=" " ind2=" " tag="035">
         <subfield code="a">(CStRLIN)NYCR89-A339</subfield>
      </datafield>
      <datafield ind1=" " ind2=" " tag="040">
         <subfield code="a">NNC-RB</subfield>
         <subfield code="b">eng</subfield>
         <subfield code="c">NNC-RB</subfield>
         <subfield code="e">Describing Archives: A Content Standard</subfield>
      </datafield>
      <datafield ind1=" " ind2=" " tag="041">
         <subfield code="a">eng</subfield>
      </datafield>
      <datafield ind1=" " ind2=" " tag="049">
         <subfield code="a">NNC-RB</subfield>
      </datafield>
      <datafield ind1=" " ind2=" " tag="099">
         <subfield code="a">4078817</subfield>
      </datafield>
      <datafield ind1="1" ind2=" " tag="100">
         <subfield code="a">Goldstein, Kurt,</subfield>
         <subfield code="d">1878-1965</subfield>
      
      </datafield>
      <datafield ind1="1" ind2="0" tag="245">
         <subfield code="a">Kurt Goldstein papers,</subfield>
         <subfield code="f">1900-1965</subfield>
      </datafield>
      <datafield ind1=" " ind2=" " tag="300">
         <subfield code="a">9</subfield>
         <subfield code="f">linear feet (18 boxes 2 small cartons of slides)</subfield>
      </datafield>
      <datafield ind1=" " ind2=" " tag="351">
         <subfield code="a">Material is arranged into 4 series.</subfield>
      </datafield>
      <datafield ind1="1" ind2=" " tag="506">
         <subfield code="a">This collection is located off-site. You will need to request this material at least three business days in advance to use the collection in the Rare Book and Manuscript Library reading room.</subfield>
      </datafield>
      <datafield ind1="1" ind2=" " tag="506">
         <subfield code="a">This collection has no restrictions.</subfield>
      </datafield>
      <datafield ind1="2" ind2=" " tag="520">
         <subfield code="a">Correspondence, lecture notes, and drafts and manuscripts of his numerous articles, essays, and books.</subfield>
      </datafield>
      <datafield ind1=" " ind2=" " tag="524">
         <subfield code="a">Identification of specific item; Date (if known); Kurt Goldstein papers; Box and Folder; Rare Book and Manuscript Library, Columbia University Library.</subfield>
      </datafield>
      <datafield ind1=" " ind2=" " tag="540">
         <subfield code="a">Single photocopies may be made for research purposes. The RBML maintains ownership of the physical material only. Copyright remains with the creator and his/her heirs. The responsibility to secure copyright permission rests with the patron.</subfield>
      </datafield>
      <datafield ind1="1" ind2=" " tag="541">
         <subfield code="a">Source of acquisition--Ms. Else M. Goldstein Haudek. Method of acquisition--Gift; Date of acquisition--1968. Accession number--M-68.</subfield>
      </datafield>
      <datafield ind1=" " ind2=" " tag="545">
         <subfield code="a">Neurologist and psychiatrist. Dr. Goldstein was clinical professor of Psychiatry at Columbia University, 1934-1940. His fields of research included psycho-pathology, speech and optic disorders, injuries and tumors of the brain, and schizophrenia. His book publications reflect his achievements in these areas: THE BRAIN INJURED SOLDIERS, THE ORGANISM: A HOLISTIC APPROACH TO BIOLOGY DERIVED FROM PATHOLOGICAL DATA IN MAN, HUMAN NATURE IN THE LIGHT OF PSYCHOPATHOLOGY, and LANGUAGE AND LANGUAGE DISTURBANCES.</subfield>
      </datafield>
      <datafield ind1="0" ind2=" " tag="555">
         <subfield code="a">Contents list</subfield>
      </datafield>
      <datafield ind1="1" ind2=" " tag="583">
         <subfield code="a">1989-06-00 Cataloged Christina Hilton Fenn.</subfield>
      </datafield>
      <datafield ind1="2" ind2="0" tag="610">
         <subfield code="a">Columbia University</subfield>
      
         <subfield code="x">Faculty</subfield>
      </datafield>
      <datafield ind1=" " ind2="0" tag="650">
         <subfield code="a">Psychiatry</subfield>
         <subfield code="x">Research</subfield>
      </datafield>
      <datafield ind1=" " ind2="0" tag="650">
         <subfield code="a">Speech disorders</subfield>
         <subfield code="x">Research</subfield>
      </datafield>
      <datafield ind1=" " ind2="0" tag="650">
         <subfield code="a">Vision disorders</subfield>
         <subfield code="x">Research</subfield>
      </datafield>
      <datafield ind1=" " ind2="0" tag="650">
         <subfield code="a">Brain damage</subfield>
         <subfield code="x">Research</subfield>
      </datafield>
      <datafield ind1=" " ind2="0" tag="650">
         <subfield code="a">Schizophrenia</subfield>
         <subfield code="x">Research</subfield>
      </datafield>
      <datafield ind1=" " ind2="0" tag="650">
         <subfield code="a">Psychiatrists</subfield>
      </datafield>
      <datafield ind1=" " ind2="0" tag="650">
         <subfield code="a">College teachers</subfield>
      </datafield>
      <datafield ind1=" " ind2="7" tag="656">
         <subfield code="a">Neurologists</subfield>
         <subfield code="2">lcsh</subfield>
      </datafield>
      <datafield ind1=" " ind2=" " tag="852">
         <subfield code="a">Columbia University Libraries</subfield>
         <subfield code="b">Rare Book and Manuscript Library</subfield>
         <subfield code="c">4078817</subfield>
         <subfield code="j">MS#0498</subfield>
      </datafield>
      <datafield ind1="4" ind2="2" tag="856">
         <subfield code="u">http://findingaids.cul.columbia.edu/ead/nnc-rb/ldpd_4078817/summary</subfield>
         <subfield code="3">Finding aid</subfield>
      </datafield>
   </record>