
   <record>
      <leader>00000cac a22000707i 4500</leader>
      <controlfield tag="001">9999999</controlfield>
      <controlfield tag="008">210110k17001890vp                 mul d</controlfield>
      <datafield ind1=" " ind2=" " tag="040">
         <subfield code="a">NNC</subfield>
         <subfield code="b">eng</subfield>
         <subfield code="c">NNC</subfield>
      </datafield>
      <datafield ind1=" " ind2=" " tag="041">
         <subfield code="a">eng</subfield>
         <subfield code="a">fre</subfield>
         <subfield code="a">lat</subfield>
      </datafield>
      <datafield ind1="1" ind2="0" tag="245">
         <subfield code="a">TEST Mary, Queen of Scots collection,</subfield>
      </datafield>
      <datafield ind1=" " ind2="1" tag="264">
         <subfield code="c">bulk 1700-1890</subfield>
      </datafield>
      <datafield ind1=" " ind2=" " tag="300">
         <subfield code="a">approximately 1001 Volumes</subfield>
      </datafield>
      <datafield ind1=" " ind2=" " tag="336">
         <subfield code="a">text</subfield>
         <subfield code="b">txt</subfield>
         <subfield code="2">rdacontent</subfield>
      </datafield>
      <datafield ind1=" " ind2=" " tag="337">
         <subfield code="a">unmediated</subfield>
         <subfield code="b">n</subfield>
         <subfield code="2">rdamedia</subfield>
      </datafield>
      <datafield ind1=" " ind2=" " tag="338">
         <subfield code="a">volume</subfield>
         <subfield code="b">nc</subfield>
         <subfield code="2">rdacarrier</subfield>
      </datafield>
      <datafield ind1=" " ind2=" " tag="500">
         <subfield code="a">Collection title supplied by cataloger</subfield>
      </datafield>
      <datafield ind1=" " ind2=" " tag="500">
         <subfield code="a">See also individual catalog records for titles in the collection. This collection has a special classification with the identifying letter "M" prefixed to the call number, and sublocation code MARY Q preceding the call number</subfield>
      </datafield>
      <datafield ind1="2" ind2=" " tag="520">
         <subfield code="a">Collection of books and manuscripts relating to Mary, Queen of Scots, and to the Thirty Years' War; most of the collection was donated to the Library by General J. Watts de Peyster, 1888-1893.</subfield>
      </datafield>
      <datafield ind1="1" ind2="0" tag="600">
         <subfield code="a">De Peyster, J. Watts</subfield>
         <subfield code="q">(John Watts),</subfield>
         <subfield code="d">1821-1907</subfield>
         <subfield code="0">http://id.loc.gov/authorities/names/n79055105</subfield>
         <subfield code="x">Library</subfield>
      </datafield>
      <datafield ind1="0" ind2="0" tag="600">
         <subfield code="a">Mary,</subfield>
         <subfield code="c">Queen of Scots,</subfield>
         <subfield code="d">1542-1587</subfield>
         <subfield code="0">http://id.loc.gov/authorities/names/n80044764</subfield>
      </datafield>
      <datafield ind1=" " ind2="0" tag="650">
         <subfield code="a">Thirty Years' War, 1618-1648</subfield>
      </datafield>
      <datafield ind1="1" ind2=" " tag="700">
         <subfield code="a">De Peyster, J. Watts</subfield>
         <subfield code="q">(John Watts),</subfield>
         <subfield code="d">1821-1907</subfield>
         <subfield code="4">donor</subfield>
         <subfield code="0">http://id.loc.gov/authorities/names/n79055105</subfield>
      </datafield>
      <datafield ind1="2" ind2=" " tag="710">
         <subfield code="a">Mary, Queen of Scots Collection (Columbia University. Rare Book and Manuscript Library),</subfield>
         <subfield code="e">creator.</subfield>
      </datafield>
   </record>
</collection>
